@article{herrera2021impacto,
  title={El impacto del teletrabajo en el entorno laboral y familiar y los efectos en el trabajador},
  author={Herrera, Juan},
  journal={Relaciones Laborales y Derecho del Empleo},
  year={2021}
}
@online{fbi2021ic3,
    author={FBI},
    title={Internet Crime Report},
    url={https://www.ic3.gov/Media/PDF/AnnualReport/2021_IC3Report.pdf},
    year={2021}
}
@inproceedings{lipp2019mechanised,
  title={A mechanised cryptographic proof of the WireGuard virtual private network protocol},
  author={Lipp, Benjamin and Blanchet, Bruno and Bhargavan, Karthikeyan},
  booktitle={2019 IEEE European Symposium on Security and Privacy (EuroS\&P)},
  pages={231--246},
  year={2019},
  organization={IEEE}
}
@online{CloudflareTunnel,
  author = {Cloudflare Inc.},
  title = {Protege tu infraestructura web con GRE},
  url = {https://www.cloudflare.com/es-es/products/tunnel/},
  urldate = {2022-04-29}
}
@online{GCPSecurity,
  author = {Google LLC},
  title = {Datos y Seguridad. Centros de datos Google},
  url = {https://www.google.com/about/datacenters/data-security/},
  urldate = {2022-05-03}
}
@article{GoogleWhitepaper,
  author = {Google LLC},
  title = {Google Infrastructure Security Design Overview},
  journal = {Google Cloud Security Whitepapers},
  year = {2018},
  month = {Marzo},
  url = {https://services.google.com/fh/files/misc/security_whitepapers_march2018.pdf},
  urldate = {2022-05-07}
}
@online{copiasincibe,
  author = {Instituto Nacional de Ciberseguridad de España},
  title = {Políticas de seguridad para la pyme: copias de seguridad},
  url = {https://www.incibe.es/sites/default/files/contenidos/politicas/documentos/copias-seguridad.pdf},
  urldate = {2022-05-10}
}
@online{CloudflareTerms,
  author = {Cloudflare Inc.},
  title = {Cloudflare Self-Serve Subscription Agreement},
  url = {https://www.cloudflare.com/es-es/terms/},
  urldate = {2022-05-15}
}
@online{OpenVPNiptables,
  author = {OpenVPN Inc.},
  title = {How To Guide: Set Up \& Configure OpenVPN Client/server VPN. Configuring client-specific rules and access policies},
  url = {https://openvpn.net/community-resources/how-to/#configuring-client-specific-rules-and-access-policies},
  urldate = {2022-05-22}
}
@online{NextcloudDocker,
  author = {Docker Inc.},
  title = {Nextcloud - Official Image. Running this image with docker-compose},
  url = {https://hub.docker.com/_/nextcloud},
  urldate = {2022-05-23}
}
@online{OpenVPNDevices,
  author = {OpenVPN Inc.},
  title = {OpenVPN Compatibillity},
  url = {https://openvpn.net/faq/openvpn-compatibility/},
  urldate = {2022-05-25}
  }